BibTeX
@MISC{Ang_cognitiveload,
    author = {Chee Siang Ang and Panayiotis Zaphiris and Shumalai Mahmood},
    title = {Cognitive Load Issues in MMORPGs},
    year = {}
}

INPROCEEDINGS{Yin_automaticcognitive,
    author = {Bo Yin and Natalie Ruiz and Fang Chen and M. Asif Khawaja},
    title = {Automatic cognitive load detection from speech features},
    booktitle = {in OZCHI ’07: Proceedings of the 19th Australasian conference on Computer-Human Interaction},
    year = {},
    pages = {249--255}
}


@MISC{Villing_dialoguebehaviour,
    author = {Jessica Villing},
    title = {Dialogue behaviour under high cognitive load},
    year = {}
}


@MISC{Tsiakoulis_theeffect,
    author = {P. Tsiakoulis and M. Henderson and B. Thomson and K. Yu and E. Tzirkel and S. Young},
    title = {The Effect of Cognitive Load on a Statistical Dialogue System},
    year = {}
}
