@INPROCEEDINGS{2002wm03,
     author = {Minker, Wolfgang and Haiber, U. and Heisterkamp, P. and Scheible, S.},
      month = jun,
      title = {{Intelligent Dialogue Strategy for Accessing Infotainment Applications in Mobile Environments}},
  booktitle = {ISCA Tutorial and Research Workshop (ITRW) on Multi-Modal Dialogue in Mobile Environments},
       year = {2002},
    address = {Irsee (Germany)},
        url = {http://it.e-technik.uni-ulm.de/World/Research.DS/publications/2002wm03.pdf}
}

@INPROCEEDINGS{2002wm04,
     author = {Minker, Wolfgang},
      month = sep,
      title = {{Overview on Recent Activities in Speech Understanding and Dialogue Systems Evaluation}},
  booktitle = {{International Conference on Speech and Language Processing (ICSLP)}},
       year = {2002},
      pages = {265-268},
    address = {Denver (USA)},
        url = {http://it.e-technik.uni-ulm.de/World/Research.DS/publications/2002wm04.pdf}
}